@article{Andrasfai1986,
    title     = {R\'{o}zsa (Rosa) P\'{e}ter},
    author    = {Andr\'{a}sfai, B\'{e}la},
    year      = {1986},
    journal   = {Periodica Polytechnica Electrical Engineering},
    volume    = {30},
    number    = {2--3},
    pages     = {139--145},
    url       = {http://www.pp.bme.hu/ee/article/view/4651},
}

@misc{Aspray1984,
    title     = {The Princeton Mathematics Community in the 1930s: Alonzo Church},
    author    = {Aspray, William},
    year      = {1984},
    note      = {Interview},
    url       = {http://www.princeton.edu/mudd/finding_aids/mathoral/pmc05.htm},
}

@book{Baaz2011,
    title     = {Kurt G\"{o}del and the Foundations of Mathematics: Horizons of Truth},
    author    = {Baaz, Matthias and Papadimitriou, Christos H. and Putnam, Hilary W. and Scott, Dana S. and Harper, Jr, Charles L.},
    year      = {2011},
    publisher = {Cambridge University Press},
    address   = {Cambridge},
}

@article{bailey2006,
    title     = {R\'{o}zsa P\'{e}ter},
    author    =	{Bailey, Ellen},
    year      = {2006},
    journal   = {R\'{o}zsa P\'{e}ter},
    url       = {http://search.ebscohost.com/login.aspx?direct=true&db=sch&AN=20916042&site=ehost-live},
}

@article{BanachTarski1924,
    title     = {Sur la d\'{e}composition des ensembles de points en parties respectivement congruentes},
    author    = {Banach, Stefan and Tarski, Alfred},
    year      = {1924},
    journal   = {Fundamenta Mathematicae},
    volume    = {6},
    pages     = {244--77},	
}

@book{Berkeley1734,
    title     = {The Analyst; or, a Discourse Adressed to an Infidel Mathematician},
    author    = {Berkeley, George},
    year      = {1734},
    place     = {London},
}

@article{Boolos1989,
    title     = {Iteration Again},
    author    = {Boolos, George},
    year      = {1989},
    journal   = {Philosophical Topics},
    volume    = {17},
    number    = {2},
    pages     = {5--21},
}

@article{ButtonLT1,
    title     = {Level Theory, Part 1: Axiomatizing the Bare Idea of a Cumulative Hierarchy of Sets},
    author    = {Button, Tim},
    year      = {2021},
    journal   = {The Bulletin of Symbolic Logic},
    volume    = {27},
    number    = {4},
    pages     = {436-460},
}

@article{Cantor1878,
    title     = {Ein Beitrag zur Mannigfaltigkeitslehre},
    author    = {Cantor, Georg},
    year      = {1878},
    journal   = {Journal f\"{u}r die reine und angewandte Mathematik},
    volume    = {84},
    pages     = {242--58},
}

@article{Church1936,
    title     = {A note on the Entscheidungsproblem},
    author    = {Church, Alonzo},
    year      = {1936},
    journal   = {The Journal of Symbolic Logic},
    volume    = {1},
    pages     = {40--41},
}

@article{Church1936a,
    title     = {An Unsolvable Problem of Elementary Number Theory},
    author    = {Church, Alonzo},
    year      = {1936},
    journal   = {American Journal of Mathematics},
    volume    = {58},
    pages     = {345--363},
}

@incollection{Conway2006,
    title     = {The Power of Mathematics},
    author    = {Conway, John},
    year      = {2006},
    booktitle = {Power},
    series    = {Darwin College Lectures},
    editor    = {Blackwell, Alan and MacKay, David},
    publisher = {Cambridge University Press},
    address   = {Cambridge},
    url       = {http://www.cs.toronto.edu/~mackay/conway.pdf},
}

@misc{Csicsery2016,
    title     = {Zala Films: Julia Robinson and Hilbert's Tenth Problem},
    author    = {Csicsery, George},
    year      = {2016},
    url       = {http://www.zalafilms.com/films/juliarobinson.html},
}

@book{Dauben1990,
    title     = {Georg Cantor: His Mathematics and Philosophy of the Infinite},
    author    = {Dauben, Joseph},
    year      = {1990},
    publisher = {Princeton University Press},
    address   = {Princeton},
}

@article{Dauben2004,
    title     = {Georg Cantor and the Battle for Transfinite Set Theory},
    author    = {Dauben, Joseph},
    year      = {2004},
    journal   = {Journal of the ACMS},
    volume    = {1},
    pages     = {1--17},
}

@article{DavisPutnamRobinson1961,
    title     = {The Decision Problem for Exponential Diophantine Equations},
    author    = {Davis, Martin and Putnam, Hilary and Robinson, Julia},
    year      = {1961},
    journal   = {Annals of Mathematics},
    volume    = {74},
    number    = {3},
    pages     = {425--436},
    url       = {http://www.jstor.org/stable/1970289},
}

@book{Dawson1997,
    title     = {Logical Dilemmas: The Life and Work of Kurt G\"{o}del},
    author    = {Dawson, Jr, John},
    year      = {1997},
    publisher = {CRC Press},
    address   = {Boca Raton},
}

@incollection{Dedekind1887,
    title     = {\"{A}hnliche (deutliche) Abbildung und \"{a}hnliche Systeme (11 July 1887)},
    author    = {Dedekind, Richard},
    year      = {1932},
    booktitle = {Gesammelte mathematische Werke},
    publisher = {Friedrich Vieweg \& Sohn},
    pages     = {447--449},
    address   = {Braunschweig},
}

@book{Dedekind1888,
    title     = {Was sind und was sollen die Zahlen?},
    author    = {Dedekind, Richard},
    year      = {1888},
    publisher = {Vieweg},
    address   = {Braunschweig},
    translator = {Ewald, William Bragg},
}

@book{Dick1981,
    title     = {Emmy Noether 1882--1935},
    author    = {Dick, Auguste},
    year      = {1981},
    publisher = {Birkh\"{a}user},
    address   = {Boston},
}

@misc{Duncan2015,
    title     = {The Bertrand Russell Research Centre},
    author    = {Duncan, Arlene},
    year      = {2015},
    url       = {http://russell.mcmaster.ca/},
}

@book{Ebbinghaus2010,
    title     = {Ernst Zermelo. Collected Works},
    author    = {Ebbinghaus, Heinz-Dieter and Fraser, Craig G. and Kanamori, Akihiro},
    year      = {2010},
    publisher = {Springer-Verlag},
    address   = {Berlin},
    volume    = {1},
}

@book{Ebbinghaus2013,
    title     = {Ernst Zermelo: Collected Works},
    author    = {Ebbinghaus, Heinz-Dieter and Kanamori, Akihiro},
    year      = {2013},
    publisher = {Springer-Verlag},
    address   = {Berlin},
    volume    = {2},
}

@book{Ebbinghaus2015,
    title     = {Ernst Zermelo: An Approach to his Life and Work},
    author    = {Ebbinghaus, Heinz-Dieter},
    year      = {2015},
    publisher = {Springer-Verlag},
    address   = {Berlin},
}

@incollection{EndertonND,
    title     = {Alonzo Church: Life and Work},
    author    = {Herbert B. Enderton},
    year      = {2019},
    booktitle = {The Collected Works of Alonzo Church},
    editor    = {Tyler Burge and Herbert B. Enderton},
    publisher = {MIT Press},
    address   = {Cambridge, MA},
}

@book{EwaldSieg2013,
    title     = {David Hilbert's Lectures on the Foundations of Arithmetic and Logic 1917--1933},
    author    = {Hilbert, David},
    year      = {2013},
    editor    = {Ewald, William Bragg and Sieg, Wilfried},
    address   = {Heidelberg},
    publisher = {Springer},
}

@article{Feferman1994,
    title     = {Julia Bowman Robinson 1919--1985},
    author    = {Feferman, Solomon},
    year      = {1994},
    journal   = {Biographical Memoirs of the National Academy of Sciences},
    publisher = {National Academies Press},
    volume    = {63},
    pages     = {1--28},
    url       = {http://www.nasonline.org/publications/biographical-memoirs/memoir-pdfs/robinson-julia.pdf},
}

@book{Feferman2004,
    title     = {Alfred Tarski: Life and Logic},
    author    = {Feferman, Anita and Feferman, Solomon},
    year      = {2004},
    publisher =	{Cambridge University Press},
    address   = {Cambridge},
}

@book{Frege1884,
    title     = {Die Grundlagen der Arithmetik: Eine logisch mathematische Untersuchung \"{u}ber den Begriff der Zahl},
    author    = {Frege, Gottlob},
    year      = {1884},
    publisher = {Wilhelm Koebner},
    address   = {Breslau},
    note      = {English translation in \cite{Frege1953}},
}

@book{Frege1953,
    title     = {Foundations of Arithmetic},
    author    = {Frege, Gottlob},
    year      = {1953},
    editor    = {J. L. Austin},
    edition   = {2nd},
    publisher = {Basil Blackwell \& Mott},
    address   = {Oxford},
}

@misc{Frey2015,
    title     = {Stuff you Missed in History Class: Emmy Noether, Mathematics Trailblazer},
    author    = {Frey, Holly and Wilson, Tracy V.},
    year      = {2015},
    note      = {Podcast audio},
    url       = {https://www.iheart.com/podcast/stuff-you-missed-in-history-cl-21124503/episode/emmy-noether-mathematics-trailblazer-30207491/},
}

@article{Gentzen1935a,
    title     = {Untersuchungen \"{u}ber das logische Schlie\ss{}en I},
    author    = {Gentzen, Gerhard},
    year      = {1935},
    journal   = {Mathematische Zeitschrift},
    volume    = {39},
    issue     = {1},
    pages     = {176--210},
    doi       = {10.1007/BF01201353},
    note      = {English translation in \cite[pp.~68--131]{Gentzen1969}},
}

@article{Gentzen1935b,
    title     = {Untersuchungen \"{u}ber das logische Schlie\ss{}en II},
    author    = {Gentzen, Gerhard},
    year      = {1935},
    journal   = {Mathematische Zeitschrift},
    volume    = {39},
    issue     = {1},
    pages     = {176--210, 405--431},
    doi       = {10.1007/BF01201363},
    note      = {English translation in \cite[pp.~68--131]{Gentzen1969}},
}

@Book{Gentzen1969,
    title     = {The Collected Papers of Gerhard Gentzen},
    author    = {Szabo, Manfred E.},
    year      = {1969},
    booktitle = {The Collected Papers of Gerhard Gentzen},
    publisher = {North-Holland},
    address   = {Amsterdam},
}

@book{Giaquinto2007,
    title     = {Visual Thinking in Mathematics},
    author    = {Giaquinto, Marcus},
    year      = {2007},
    publisher = {Oxford University Press},
    address   = {Oxford},
}

@phdthesis{Godel1929,
    title     = {\"{U}ber die Vollst\"{a}ndigkeit des Logikkalk\"{u}ls [On the Completeness of the Calculus of Logic]},
    author    = {G\"{o}del, Kurt},
    year      = {1929},
    school    = {Universit\"{a}t Wien},
    type      = {PhD dissertation},
    note      = {Reprinted and translated in \cite[pp.~60--101]{Godel1986}},
}

@article{Godel1931,
    title     = {\"{U}ber formal unentscheidbare S\"{a}tze der \emph{Principia Mathematica} und verwandter Systeme I [On Formally Undecidable Propositions of \emph{Principia Mathematica} and Related Systems I]},
    author    = {G\"{o}del, Kurt},
    year      = {1931},
    journal   = {Monatshefte f\"{u}r Mathematik und Physik},
    volume    = {38},
    pages     = {173--198},
    doi       = {10.1007/BF01700692},
    note      = {Reprinted and translated in \cite[pp.~144--195]{Godel1986}},
}

@book{Godel1986,
    title     = {Kurt G\"{o}del: Collected Works. Vol. 1: Publications 1929--1936},
    author    = {Feferman, Solomon and Dawson, Jr, John W. and Kleene, Stephen C. and Moore, Gregory H. and Solovay, Robert M. and van Heijenoort, Jean},
    year      = {1986},
    publisher = {Oxford University Press},
    address   = {Oxford},
}

@book{Godel1990,
    title     = {Kurt G\"{o}del: Collected Works. Vol. 2: Publications 1938--1974},
    author    = {Feferman, Solomon and Dawson, Jr, John W. and Kleene, Stephen C. and Moore, Gregory H. and Solovay, Robert M. and van Heijenoort, Jean},
    year      = {1990},
    publisher = {Oxford University Press},
    address   = {Oxford},
}

@article{Gouvea2011,
    title     = {Was Cantor Surprised?},
    author    = {Gouv\^{e}a, Fernando Q.},
    year      = {2011},
    journal   = {American Mathematical Monthly},
    volume    = {118},
    number    = {3},
    pages     = {198--209},
}

@article{Grattan-Guinness1971,
    title     = {Towards a Biography of Georg Cantor},
    author    = {Grattan-Guinness, Ivor},
    year      = {1971},
    journal   = {Annals of Science},
    volume    = {27},
    number    = {4},
    pages     = {345--391},
}

@book{Heck2012,
    title     = {Reading Frege's Grundgesetze},
    author    = {Heck, Richard Kimberly},
    year      = {2012},
    publisher = {Oxford University Press},
    address   = {Oxford},
}

@book{Hodges2014,
    title     = {Alan Turing: The Enigma},
    author    = {Hodges, Andrew},
    year      = {2014},
    publisher = {Vintage},
    address   = {London},
}

@misc{Imitation2014,
    title     = {The Imitation Game},
    author    = {Tyldum, Morten},
    year      = {2014},
    note      = {Motion picture},
}

@misc{Irvine2015,
    title     = {Sound Clips of Bertrand Russell Speaking},
    author    = {Irvine, Andrew David},
    year      = {2015},
    url       = {http://plato.stanford.edu/entries/russell/russell-soundclips.html},
}

@article{KatzKatz2012,
    title     = {Stevin Numbers and Reality},
    author    = {Katz, Karin Usadi and Katz, Mikhail G.},
    year      = {2012},
    journal   = {Foundations of Science},
    volume    = {17},
    number    = {2},
    pages     = {109--23},
}

@article{Kratzer1981,
    title     = {Partition and revision: The semantics of counterfactuals},
    author    = {Kratzer, Angelika},
    year      = {1981},
    journal   = {Journal of Philosophical Logic},
    volume    = {10},
    number    = {2},
    pages     = {201--216},
    doi       = {10.1007/BF00248849},
}

@misc{LibriVoxND,
    title     = {Bertrand Russell},
    author    = {LibriVox},
    note      = {Collection of public domain audiobooks},
    url       = {https://librivox.org/author/1508?primary_key=1508&search_category=author&search_page=1&search_form=get_results},
}

@misc{Linsenmayer2014,
    author    = {Linsenmayer, Mark},
    title     = {The Partially Examined Life: G\"{o}del on Math},
    year      = {2014},
    note      = {Podcast audio},
    url       = {http://www.partiallyexaminedlife.com/2014/06/16/ep95-godel/},
}

@misc{MacFarlane2015,
    title     = {Alonzo Church's JSL Reviews},
    author    = {MacFarlane, John},
    year      = {2015},
    url       = {http://johnmacfarlane.net/church.html},
}

@article{Maddy1988a,
    title     = {Believing the Axioms I},
    author    = {Maddy, Penelope},
    year      = {1988},
    journal   = {The Journal of Symbolic Logic},
    volume    = {53},
    number    = {2},
    pages     = {481--511},
}

@article{Maddy1988b,
    title     = {Believing the Axioms II},
    author    = {Maddy, Penelope},
    year      = {1988},
    journal   = {The Journal of Symbolic Logic},
    volume    = {53},
    number    = {3},
    pages     = {736--64},
}

@book{Magnus2021,
    title     = {Forall \emph{x}: Calgary. An Introduction to Formal Logic},
    author    = {Magnus, P. D. and Button, Tim and Loftis, J. Robert and Thomas-Bolduc, Aaron and Trueman, Robert and Zach, Richard},
    year      = {2021},
    edition   = {F21},
    publisher = {Open Logic Project},
    address   = {Calgary},
    url       = {https://forallx.openlogicproject.org/},
    copyright = {All rights reserved},
    keywords  = {textbook},
}

@article{Matijasevich1992,
    title     = {My Collaboration with Julia Robinson},
    author    = {Matijasevich, Yuri},
    year      = {1992},
    journal   = {The Mathematical Intelligencer},
    volume    = {14},
    number    = {4},
    pages     = {38--45},
}

@book{Menzler-Trott2007,
    title     = {Logic's Lost Genius: The Life of Gerhard Gentzen},
    author    = {Menzler-Trott, Eckart},
    year      = {2007},
    publisher = {American Mathematical Society},
    address   = {Providence},
}

@incollection{Montague1965,
    title     = {Set theory and higher-order logic},
    author    = {Montague, Richard},
    year      = {1965},
    booktitle = {Formal systems and recursive functions},
    publisher = {North-Holland},
    editor    = {John Crossley and Michael Dummett},
    pages     = {131--48},
    address   = {Amsterdam},
    note      = {Proceedings of the Eight Logic Colloquium, July 1963},
}

@book{Noether1983,
    title     = {Emmy Noether: Gesammelte Abhandlungen---Collected Papers},
    author    = {Jacobson, Nathan},
    year      = {1983},
    publisher = {Springer-Verlag},
    address   = {Berlin},
}

@misc{Oconnor2014,
    title     = {R\'{o}zsa P\'{e}ter},
    author    = {O'Connor, John J. and Robertson, Edmund F.},
    year      = {2014},
    url       = {http://www-groups.dcs.st-and.ac.uk/~history/Biographies/Peter.html},
}

@article{Peano1890,
    title     = {Sur une courbe, qui remplit toute une aire plane},
    author    = {Peano, Giuseppe},
    year      = {1890},
    journal   = {Mathematische Annalen},
    volume    = {36},
    number    = {1},
    pages     = {157--60},
}

@misc{Perimeter2015,
    title     = {Emmy Noether: Her Life, Work, and Influence},
    author    = {{Perimeter Institute}},
    year      = {2015},
    note      = {Video Lecture},
    url       = {https://www.youtube.com/watch?v=tNNyAyMRsgE},
}

@article{Peter1935a,
    title     = {\"{U}ber den Zusammenhang der verschiedenen Begriffe der rekursiven Funktion},
    author    = {P\'{e}ter, R\'{o}zsa},
    year      = {1935},
    journal   = {Mathematische Annalen},
    volume    = {110},
    pages     = {612--632},
    doi       = {10.1007/BF01448046},
}

@article{Peter1935b,
    title     = {Konstruktion nichtrekursiver Funktionen},
    author    = {P\'{e}ter, R\'{o}zsa},
    year      = {1935},
    journal   = {Mathematische Annalen},
    volume    = {111},
    pages     = {42--60},
    doi       = {10.1007/BF01472200},
}

@book{Peter1951,
    title     = {Rekursive Funktionen},
    author    = {P\'{e}ter, R\'{o}zsa},
    year      = {1951},
    publisher = {Akademiai Kiado},
    address   = {Budapest},
    note      = {English translation in \cite{Peter1967}},
}

@book{Peter1967,
    title     = {Recursive Functions},
    author    = {P\'{e}ter, R\'{o}zsa},
    year      = {1967},
    publisher = {Academic Press},
    address   = {New York},
}

@book{Peter2010,
    title     = {Playing with Infinity},
    author    = {P\'{e}ter, R\'{o}zsa},
    year      = {2010},
    address   = {New York},
    publisher = {Dover},
    url       = {https://books.google.ca/books?id=6V3wNs4uv_4C&lpg=PP1&ots=BkQZaHcR99&lr&pg=PP1#v=onepage&q&f=false},
}

@book{Potter2004,
    title     = {Set Theory and its Philosophy},
    author    = {Potter, Michael},
    year      = {2004},
    publisher = {Oxford University Press},
    address   = {Oxford},
}

@misc{Radiolab2012,
    title     = {The Turing Problem},
    author    = {Radiolab},
    year      = {2012},
    note      = {Podcast audio},
    url       = {http://www.radiolab.org/story/193037-turing-problem/},
}

@misc{RadiolabND,
    title     = {Talking to Machines},
    author    = {Radiolab},
    year      = {N.D.},
    note      = {Podcast audio},
    url       = {http://www.radiolab.org/story/137407-talking-to-machines/},
}

@article{Reid1986,
    title     = {The Autobiography of Julia Robinson},
    author    = {Reid, Constance},
    year      = {1986},
    journal   = {The College Mathematics Journal},
    volume    = {17},
    issue     = {1},
    pages     = {3--21},
}

@book{Reid1996,
    title     = {Julia: A Life in Mathematics},
    author    = {Constance Reid},
    year      = {1996},
    publisher = {Cambridge University Press},
    address   = {Cambridge},
    url       = {https://books.google.ca/books?id=lRtSzQyHf9UC&lpg=PP1&pg=PP1#v=onepage&q&f=false},
}

@article{Robinson1949,
    title     = {Definability and Decision Problems in Arithmetic},
    author    = {Julia Robinson},
    year      = {1949},
    journal   = {The Journal of Symbolic Logic},
    volume    = {14},
    number    = {2},
    pages     = {98--114},
    url       = {http://www.jstor.org/stable/2266510},
}

@book{Robinson1996,
    title     = {The Collected Works of Julia Robinson},
    author    = {Robinson, Julia},
    year      = {1996},
    publisher = {American Mathematical Society},
    address   = {Providence},
}

@misc{Rose2010,
    title     = {Hilbert-Type Space-Filling Curves},
    author    = {Rose, Nicholas J},
    year      = {2010},
    url       = {https://web.archive.org/web/20151010184939/http://www4.ncsu.edu/~njrose/pdfFiles/HilbertCurve.pdf},
}

@misc{Rose2012,
    title     = {A Song about Georg Cantor},
    author    = {Rose, Daniel},
    year      = {2012},
    note      = {Audio Recording},
    url       = {https://www.youtube.com/watch?v=QUP5Z4Fb5k4},
}

@article{Russell1905,
    title     = {On Denoting},
    author    = {Russell, Bertrand},
    year      = {1905},
    journal   = {Mind},
    volume    = {14},
    pages     = {479--493},
}

@book{Russell1967,
    title     = {The Autobiography of Bertrand Russell},
    author    = {Russell, Bertrand},
    year      = {1967},
    publisher = {Allen and Unwin},
    address   = {London},
    volume    = {1},
}

@book{Russell1968,
    title     = {The Autobiography of Bertrand Russell},
    author    = {Russell, Bertrand},
    year      = {1968},
    publisher = {Allen and Unwin},
    address   = {London},
    volume    = {2},
}

@book{Russell1969,
    title     = {The Autobiography of Bertrand Russell},
    author    = {Russell, Bertrand},
    year      = {1969},
    publisher = {Allen and Unwin},
    address   = {London},
    volume    = {3},
}

@book{Russell1983,
    title     = {Collected Papers},
    author    = {Russell, Bertrand},
    year      = {1983},
    publisher = {Routledge},
    address   = {London},
}

@misc{RussellND,
    title     = {Bertrand Russell on Smoking},
    author    = {Russell, Bertrand},
    year      = {1959},
    note      = {Video Interview},
    url       = {https://www.youtube.com/watch?v=80oLTiVW_lc},
}

@misc{Sautoy2014,
    title     = {A Brief History of Mathematics: Georg Cantor},
    author    = {du Sautoy, Marcus},
    year      = {2014},
    note      = {Audio Recording},
    url       = {http://www.bbc.co.uk/programmes/b00ss1j0},
}

@book{Segal2014,
    title     = {Mathematicians under the Nazis},
    author    = {Segal, Sanford L.},
    year      = {2014},
    publisher = {Princeton University Press},
    address   = {Princeton},
}

@article{Sigmund2007,
    title     = {Kurt G\"{o}del: Das Album--The Album},
    author    = {Sigmund, Karl and Dawson, John and M\"{u}hlberger, Kurt and Enzensberger, Hans Magnus and Kennedy, Juliette},
    year      = {2007},
    journal   = {The Mathematical Intelligencer},
    publisher = {Springer},
    volume    = {29},
    number    = {3},
    pages     = {73--76},
}

@book{Smith2013,
    title     = {An Introduction to G\"{o}del's Theorems},
    author    = {Smith, Peter},
    year      = {2013},
    publisher =	{Cambridge University Press},
    address   = {Cambridge},
}

@misc{Society2015,
    title     = {Kurt G\"{o}del Society},
    author    = {Beckmann, Arnold and Preining, Norbert},
    year      = {2004},
    url       = {http://kgs.logic.at/index.php?id=2},
}

@inbook{Stalnaker1968,
    title     = {A theory of conditionals},
    author    = {Stalnaker, Robert C.},
    year      = {1968},
    booktitle = {Studies in Logical Theory},
    editor    = {Nicholas Rescher},
    publisher = {Basil Blackwell},
    address   = {Oxford},
    pages     = {98--112},
}

@misc{Sykes1992,
    title     = {BBC Horizon: The Strange Life and Death of Dr. Turing},
    author    = {Sykes, Christopher},
    year      = {1992},
    url       = {https://www.youtube.com/watch?v=gyusnGbBSHE},
}

@book{Takeuti2003,
    title     = {Memoirs of a Proof Theorist: G\"odel and Other Logicians},
    author    = {Takeuti, Gaisi and Passell, Nicholas and Yasugi, Mariko},
    year      = {2003},
    publisher = {World Scientific},
    address   = {Singapore},
}

@article{Tamassy1994,
    title     = {Interview with R\'oza P\'eter},
    author    = {Tamassy, Istvan},
    year      = {1994},
    journal   = {Modern Logic},
    volume    = {4},
    number    = {3},
    pages     = {277--280},
}

@book{Tarski1981,
    title     = {The Collected Works of Alfred Tarski},
    author    = {Tarski, Alfred},
    year      = {1981},
    volume    = {I--IV},
    publisher = {Birkh\"{a}user},
    address   = {Basel},
}

@book{Tarski1983,
    title     = {Logic, Semantics, Metamathematics},
    author    = {Corcoran, John},
    year      = {1983},
    publisher = {Hackett},
    address   = {Indianapolis},
    edition   = {2nd},
}

@misc{Theelen2012,
    title     = {LEGO Turing Machine},
    author    = {Theelen, Andre},
    year      = {2012},
    url       = {https://www.youtube.com/watch?v=FTSAiF9AHN4},
}

@article{Turing1937,
    title     = {On computable numbers, with an application to the ``Entscheidungsproblem''},
    author    = {Turing, Alan M.},
    year      = {1937},
    journal   = {Proceedings of the London Mathematical Society, 2nd Series},
    volume    = {42},
    pages     = {230--265},
}

@book{Wang1990,
    title     = {Reflections on Kurt G\"{o}del},
    author    = {Wang, Hao},
    year      = {1990},
    publisher = {MIT Press},
    address   = {Cambridge},
}

@article{Weston2003,
    title     = {The Banach-Tarski Paradox},
    author    = {Weston, Tom},
    year      = {2003},
    url       = {http://people.math.umass.edu/~weston/oldpapers/banach.pdf},
}

@article{Zermelo1904,
    title     = {Beweis, da\ss{} jede Menge wohlgeordnet werden kann},
    author    = {Zermelo, Ernst},
    year      = {1904},
    journal   = {Mathematische Annalen},
    volume    = {59},
    pages     = {514--516},
    note      = {English translation in \cite[pp.~115--119]{Ebbinghaus2010}},
}

@article{Zermelo1908,
    title     = {Untersuchungen \"{u}ber die Grundlagen der Mengenlehre I},
    author    = {Zermelo, Ernst},
    year      = {1908},
    journal   = {Mathematische Annalen},
    volume    = {65},
    number    = {2},
    pages     = {261--281},
    note      = {English translation in \cite[pp.~189--229]{Ebbinghaus2010}},
}






































































@book{Heijenoort1967,
    title     = {From Frege to G\"{o}del: A Source Book in Mathematical Logic, 1879--1931},
    author    = {Heijenoort, Jean van},
    year      = {1967},
    publisher = {Harvard University Press},
    address   = {Cambridge, MA},
}

@book{Kunen1980,
    title     = {Set Theory: An Introduction to Independence Proofs},
    author    = {Kunen, Kenneth},
    year      = {1980},
    publisher = {North Holland},
    address   = {New York},
}
	
@article{Boolos1971,
    title     = {The Iterative Conception of Set},
    author    = {Boolos, Georges},
    year      = {1971},
    journal   = {The Journal of Philosophy},
    volume    = {68},
    number    = {8},
    pages     = {215--31},
}

@book{Cohen1966,
    title     = {Set Theory and the Continuum Hypothesis},
    author    = {Cohen, Paul J.},
    year      = {1966},
    publisher = {Benjamin},
    address   = {Reading, MA},
}
	
@book{Russell1919,
    title     = {Introduction to Mathematical Philosophy},
    author    = {Russell, Bertrand},
    year      = {1919},
    publisher = {Allen \& Unwin},
    address   = {London},
}

@article{Hilbert1891,
    title     = {\"{U}ber die stetige Abbildung einer Linie auf ein Fl\"{a}chenst\"{u}ck},
    author    = {Hilbert, David},
    year      = {1891},
    journal   = {Mathematische Annalen},
    volume    = {38},
    number    = {3},
    pages     = {459--460},
}

@article{Zermelo1908Untersuchungen,
    title     = {Untersuchungen \"{u}ber die Grundlagen der Mengenlehre I},
    author    = {Zermelo, Ernst},
    year      = {1908},
    journal   = {Mathematische Annalen},
    volume    = {65},
    pages     = {261--81},
}	

@article{Hartogs1915,
    title     = {\"{U}ber das Problem der Wohlordnung},
    author    = {Hartogs, Friedrich},
    year      = {1915},
    journal   = {Mathematische Annalen},
    volume    = {76},
    pages     = {438--43},
}


















@book{Vitali1905,
  author    = {Vitali, Giuseppe},
  title     = {Sul problema della misura dei gruppi di punti di una retta},
  publisher   = {Gamberini e Parmeggiani},
  year      = {1905},
  address   = {Bologna}
}

@book{WhiteheadRussell1910,
  title     = {Principia Mathematica},
  publisher = {Cambridge University Press},
  year      = {1910},
  author    = {Whitehead, Alfred North and Russell, Bertrand},
  volume    = {1},
  address   = {Cambridge}
}
	
@article{Ramsey1925,
	Author = {Ramsey, Frank Plumpton},
	Title = {The Foundations of Mathematics},
	journal = {Proceedings of the London Mathematical Society},
	Year = {1925},
  volume = {25},
  pages = {338--384}
}

@article{Linnebo2010,
  author      = {Linnebo, \O{}ystein},
  title       = {Predicative and Impredicative Definitions},
  journal     = {Internet Encyclopedia of Philosophy},
  year        = {2010},
  lastchecked = {15 Oct 2014},
  url         = {http://www.iep.utm.edu/predicat/}
}

@article{VonNeumann1925,
  author  = {von Neumann, John},
  title   = {Eine {Axiomatisierung} der {Mengenlehre}},
  journal = {Journal f\"{u}r die reine und angewandte {Mathematik}},
  year    = {1925},
  volume  = {154},
  pages   = {219--40}
}

@article{Benacerraf1965,
  author  = {Benacerraf, Paul},
  title   = {What numbers could not be},
  journal = {The Philosophical Review},
  year    = {1965},
  volume  = {74},
  number  = {1},
  pages   = {47--73}
}

@incollection{Montague1961,
  author    = {Montague, Richard},
  title     = {Semantic closure and non-finite axiomatizability {I}},
  booktitle = {Infinitistic Methods: Proceedings of the Symposium on Foundations of Mathematics (Warsaw 1959)},
  publisher = {Pergamon},
  year      = {1961},
  pages     = {45--69},
  address   = {New York}
}

@article{Burali-Forti1897,
  author  = {Burali-Forti, Cesare},
  title   = {Una questione sui numeri transfiniti},
  journal = {Rendiconti del Circolo Matematico di Palermo},
  year    = {1897},
  volume  = {11},
  pages   = {154--64}
}

@book{Cantor1883,
  title     = {Grundlagen einer allgemeinen {Mannigfaltigkeitslehre}. Ein mathematisch-philosophischer {Versuch} in der {Lehre} des {Unendlichen}},
  publisher = {Teubner},
  year      = {1883},
  author    = {Cantor, Georg},
  address   = {Leipzig}
}

@book{Incurvati2020,
	Author = {Incurvati, Luca},
	Title = {Conceptions of Set and the Foundations of Mathematics},
	Year = {2020},
	Address = {Cambridge},
	Publisher = {Cambridge University Press}}


@phdthesis{IncurvatiThesis,
	Author = {Incurvati, Luca},
	Title = {Set {T}heory: Its {J}ustification, {L}ogic, and {E}xtent},
	Year = {2010},
	School = {Cambridge University}}

@article{OConnorRobertson:RN,
  author = {O'Connor, John J. and Robertson, Edmund F.},
  title  = {The real numbers: {Stevin} to {Hilbert}},
  year   = {2005},
  url    = {http://www-history.mcs.st-and.ac.uk/HistTopics/Real_numbers_2.html},
}

@incollection{Shoenfield:AST,
  author    = {Shoenfield, Joseph R.},
  title     = {Axioms of Set Theory},
  booktitle = {Handbook of Mathematical Logic},
  publisher = {North-Holland},
  year      = {1977},
  editor    = {Jon Barwise},
  pages     = {321--44},
  address   = {London}
}

@article{Cantor1892,
  author    = {Cantor, Georg},
  title     = {{\"Uber} eine elementare {Frage} der {Mannigfaltigkeitslehre}},
  journal   = {Jahresbericht der deutschen Mathematiker-Vereinigung},
  year      = {1892},
  volume    = {1},
  pages     = {75--8},
  address   = {Leipzig},
  publisher = {Teubner}
}

@book{Hume1740,
  title  = {A Treatise of Human Nature},
  year   = {1740},
  author = {Hume, David},
  address = {London}
}

@incollection{Scott1974,
  author    = {Scott, Dana},
  title     = {Axiomatizing Set Theory},
  booktitle = {Axiomatic Set Theory II},
  publisher = {American Mathematical Society},
  year      = {1974},
  editor    = {Thomas Jech},
  pages     = {207--14},
  note      = {Proceedings of the Symposium in 
  Pure Mathematics of the American Mathematical Society, July--August 1967}
}

@incollection{Boolos2000,
  author    = {Boolos, George},
  title     = {Must we Believe in Set Theory?},
  booktitle = {Between Logic and Intuition: Essays in Honor of {Charles} {Parsons}},
  publisher = {Cambridge University Press},
  year      = {2000},
  editor    = {Gila {Sher} and Richard {Tieszen}},
  pages     = {257--68},
  address   = {Cambridge}
}

@article{FefermanLevy1963,
  author  = {Solomon {Feferman} and Azriel {Levy}},
  title   = {Independence results in set theory by {Cohen}'s method {II}},
  journal = {Notices of the American Mathematical Society},
  year    = {1963},
  volume  = {10},
  pages   = {593}
}

@article{Cohen1963,
  author  = {Cohen, Paul J.},
  title   = {The independence of the continuum hypothesis},
  journal = {Proceedings of the National Academy of Sciences of the United States of America},
  year    = {1963},
  volume  = {24},
  pages   = {556--557}
}

@article{Godel1938,
  author  = {G\"odel, Kurt},
  title   = {The consistency of the axiom of choice and the generalized continuum hypothesis},
  journal = {Proceedings of the National Academy of Sciences of the United States of America},
  year    = {1938},
  volume  = {50},
  pages   = {1143--8}
}

@article{Fraenkel1922,
  author  = {Fraenkel, Abraham},
  title   = {\"{U}ber den {Begriff} `definit' und die {Unabh\"angigkeit} des {Auswahlaxioms}},
  journal = {Sitzungsberichte der Preussischen Akadademie der Wissenschaften, Physikalisch-mathematische Klasse},
  year    = {1922},
  pages   = {253--257}
}

@inproceedings{Skolem1922,
  author  = {Skolem, Thoralf},
  title   = {Einige {Bemerkungen} zur axiomatischen {Begr\"undung} der {Mengenlehre}},
  booktitle = {Wissenschaftliche Vortr\"age gehalten auf dem f\"unften
  Kongress der skandanivschen Mathematiker in Helsingfors vom 4.\ bis
  zum 7.\ Juli 1922},
  place = {Helsinki},
  publisher = {Akademiska Bokhandeln},
  year    = {1922},
  pages   = {137--52}
}

@book{Wagon2016,
  title     = {The {Banach}-{Tarski} Paradox},
  publisher = {Cambridge University Press},
  year      = {2016},
  author    = {Grzegorz {Tomkowicz} and Stan {Wagon}},
  address   = {Cambridge}
}

@article{Hausdorff1914,
  author  = {Hausdorff, Felix},
  title   = {Bemerkung \"{u}ber den {Inhalt} von {Punktmengen}},
  journal = {Mathematische Annalen},
  year    = {1914},
  volume  = {75},
  pages   = {428--34}
}

@article{Robinson1947,
  author  = {Robinson, Raphael},
  title   = {On the decomposition of spheres},
  journal = {Fundamenta Mathematicae},
  year    = {1947},
  volume  = {34},
  number  = {1},
  pages   = {246--60}
}

@article{Levy1960,
  author  = {L\'{e}vy, Azriel},
  title   = {Axiom Schemata of Strong Infinity in Axiomatic Set Theory},
  journal = {Pacific Journal of Mathematics},
  year    = {1960},
  volume  = {10},
  number  = {1},
  pages   = {223--38}
}

@book{Solow2013,
  author = {Daniel Solow},
  year = {2013},
  title = {How to Read and Do Proofs},
  publisher = {Wiley},
  address = {Hoboken, NJ}
}

@book{Velleman2019,
  author = {Daniel J. Velleman},
  title = {How to Prove It: A Structured Approach},
  year = {2019},
  edition = {3rd},
  publisher = {Cambridge University Press},
  address = {Cambridge}
}

@book{Hammack2013,
  author = {Richard Hammack},
  title = {Book of Proof},
  year = {2013},
  publisher = {Virginia Commonwealth University},
  address = {Richmond, VA},
  url =
  {http://www.people.vcu.edu/~rhammack/BookOfProof/BookOfProof.pdf}
}

@book{Sandstrum2019,
  author = {Ted Sandstrum},
  year = {2019},
  title = {Mathematical Reasoning: Writing and Proof},
  publisher = {Grand Valley State University},
  address = {Allendale, MI},
  url = {https://scholarworks.gvsu.edu/books/7/}
}

@book{Steinhart2018,
  author = {Eric Steinhart},
  year = {2018},
  title = {More Precisely: The Math You Need to Do Philosophy},
  publisher = {Broadview},
  address = {Peterborough, ON},
  edition = {2nd}
}

@misc{Hutchings2003,
  author = {Michael Hutchings},
  title = {Introduction to Mathematical Arguments},
  year = {2003},
  url = {https://math.berkeley.edu/~hutching/teach/proofs.pdf}
}

@misc{Cheng2004,
  author = {Eugenia Cheng},
  title = {How to Write Proofs: A Quick Quide},
  year = {2004},
  url = {http://http://eugeniacheng.com/wp-content/uploads/2017/02/cheng-proofguide.pdf}
}

@book{Smullyan1968,
  author = {Smullyan, Raymond M.},
  publisher = {Springer},
  address = {New York, NY},
  title = {First-Order Logic},
  year = {1968},
  note = {Corrected reprint, New York, NY: Dover, 1995}
}

@book{Smullyan1995,
  author = {Smullyan, Raymond M.},
  publisher = {Dover},
  address = {Mineola, NY},
  title = {First-Order Logic},
  year = {1995},
  note = {Corrected reprint of \cite{Smullyan1968}}
}

@article{Zuckerman1973,
	author = {Zuckerman, Martin M.},
	journal = {Notre Dame Journal of Formal Logic},
	number = {1},
	pages = {134--138},
	title = {Formation sequences for propositional formulas},
	volume = {14},
	year = {1973}}
